@article{saberi2025analysis,
  author    = {Mehdi Saberi and Alexandre Schmid},
  title     = {Analysis of Power Consumption and Propagation Delay in Voltage Level Shifters},
  journal   = {IEEE Solid-State Circuits Letters},
  volume    = {8},
  pages     = {113--116},
  year      = {2025},
  publisher = {IEEE},
  doi       = {10.1109/LSSC.2025.3557524},
  url       = {https://doi.org/10.1109/LSSC.2025.3557524}
}

@article{lanuzza2012low,
  author    = {M. Lanuzza and P. Corsonello and S. Perri},
  title     = {Low-power level shifter for multi-supply voltage designs},
  journal   = {IEEE Transactions on Circuits and Systems II: Express Briefs},
  volume    = {59},
  number    = {12},
  pages     = {922--926},
  year      = {2012},
  publisher = {IEEE}
}
@article{kabirpour2019low,
  author    = {Saeideh Kabirpour and Mohsen Jalali},
  title     = {A Low-Power and High-Speed Voltage Level Shifter Based on a Regulated Cross-Coupled Pull-Up Network},
  journal   = {IEEE Transactions on Circuits and Systems II: Express Briefs},
  volume    = {66},
  number    = {6},
  pages     = {909--913},
  year      = {2019},
  publisher = {IEEE},
  doi       = {10.1109/TCSII.2018.2872814},
  url       = {https://doi.org/10.1109/TCSII.2018.2872814}
}
@book{wasserman2004all,
  author    = {Larry Wasserman},
  title     = {All of Statistics: A Concise Course in Statistical Inference},
  publisher = {Springer},
  year      = {2004},
  isbn      = {978-0387402727},
  url       = {https://doi.org/10.1007/978-0-387-21736-9}
}

@article{lotfi2018energy,
  author    = {R. Lotfi and M. Saberi and S. R. Hosseini and A. R. Ahmadi-Mehr and R. B. Staszewski},
  title     = {Energy-efficient wide-range voltage level shifters reaching 4.2 fJ/transition},
  journal   = {IEEE Solid-State Circuits Letters},
  volume    = {1},
  number    = {2},
  pages     = {34--37},
  year      = {2018},
  publisher = {IEEE}
}
@article{hosseini2014low,
  author    = {S. R. Hosseini and M. Saberi and R. Lotfi},
  title     = {A low-power subthreshold to above-threshold voltage level shifter},
  journal   = {IEEE Transactions on Circuits and Systems II: Express Briefs},
  volume    = {61},
  number    = {10},
  pages     = {753--757},
  year      = {2014},
  publisher = {IEEE}
}


@article{li2023design,
  author    = {Y. Li and J. Zhao and Y. Liu and G. Wang},
  title     = {A comprehensive study on the design methodology of level shifter circuits},
  journal   = {IEEE Transactions on Circuits and Systems I: Regular Papers},
  volume    = {70},
  number    = {1},
  pages     = {302--314},
  year      = {2023}
}

@article{venkanna2024reliable,
  author    = {D. Venkanna Babu and Kiran Kumar Gurrala and Sanath Kumar Tulasi Adoch and P. Tejasri and Ch. Saranya and K. Jaya Varma},
  title     = {Design and Implementation of Reliable Voltage Level Shifter Using Different Current Mirroring Phenomena},
  journal   = {International Journal of Scientific Research in Science, Engineering and Technology},
  volume    = {11},
  number    = {2},
  pages     = {123--130},
  year      = {2024},
  url       = {https://ijsrset.com/index.php/home/article/view/IJSRSET2411234}
}
