@misc{msmarco,
  title={MS MARCO: A Human Generated MAchine Reading COmprehension Dataset},
  author={Bajaj, Payal and Campos, Daniel and Craswell, Nick and Deng, Li and Gao, Jianfeng and Liu, Xiaodong and Majumder, Rangan and McNamara, Andrew and Mitra, Bhaskar and Nguyen, Tri and others},
  howpublished={arXiv preprint arXiv:1611.09268},
  year={2016}
}

@misc{huggingface_minilm,
  title={sentence-transformers/all-MiniLM-L6-v2},
  author={{Hugging Face}},
  howpublished={\url{https://huggingface.co/sentence-transformers/all-MiniLM-L6-v2}},
  year={2024}
}

@inproceedings{dong2022exploring,
  title={Exploring Dual Encoder Architectures for Question Answering},
  author={Dong, Zhenqiao and Niu, Shuai and Chen, Jiahuan and Yang, Yang and Xie, Pengjun},
  booktitle={Proc. 2022 Conf. Empirical Methods in Natural Language Processing (EMNLP)},
  pages={9520--9530},
  year={2022}
}

@misc{lu2025crossencoder,
  title={Cross-Encoder Rediscovers a Semantic Variant of BM25},
  author={Lu, Minghan and Chen, Chao and Eickhoff, Carsten},
  howpublished={arXiv preprint arXiv:2502.04645},
  year={2025}
}

@inproceedings{karpukhin2020dense,
  title={Dense Passage Retrieval for Open-Domain Question Answering},
  author={Karpukhin, Vladimir and Oguz, Barlas and Min, Sewon and Lewis, Patrick and Wu, Ledell and Edunov, Sergey and Chen, Danqi and Yih, Wen-tau},
  booktitle={Proc. 2020 Conf. Empirical Methods in Natural Language Processing (EMNLP)},
  pages={6769--6781},
  year={2020}
}

@inproceedings{khattab2020colbert,
  title={ColBERT: Efficient and Effective Passage Search via Contextualized Late Interaction over BERT},
  author={Khattab, Omar and Zaharia, Matei},
  booktitle={Proc. 43rd Int. ACM SIGIR Conf. Research and Development in Information Retrieval},
  pages={39--48},
  year={2020}
}

@inproceedings{hu2021lora,
  title={LoRA: Low-Rank Adaptation of Large Language Models},
  author={Hu, Edward J and Shen, Yelong and Wallis, Phillip and Allen-Zhu, Zeyuan and Li, Yuanzhi and Wang, Shean and Wang, Lu and Chen, Weizhu},
  booktitle={Proc. 10th Int. Conf. Learning Representations (ICLR)},
  year={2022}
}

@inproceedings{reimers2019sentence,
  title={Sentence-BERT: Sentence Embeddings Using Siamese BERT-Networks},
  author={Reimers, Nils and Gurevych, Iryna},
  booktitle={Proc. 2019 Conf. Empirical Methods in Natural Language Processing and 9th Int. Joint Conf. Natural Language Processing (EMNLP-IJCNLP)},
  pages={3982--3992},
  year={2019}
}

@misc{mcinnes2018umap,
  title={UMAP: Uniform Manifold Approximation and Projection for Dimension Reduction},
  author={McInnes, Leland and Healy, John and Melville, James},
  howpublished={arXiv preprint arXiv:1802.03426},
  year={2018}
}

@article{maaten2008visualizing,
  title={Visualizing Data Using t-SNE},
  author={van der Maaten, Laurens and Hinton, Geoffrey},
  journal={Journal of Machine Learning Research},
  volume={9},
  number={86},
  pages={2579--2605},
  year={2008}
}

@article{robertson2009probabilistic,
  title={The Probabilistic Relevance Framework: BM25 and Beyond},
  author={Robertson, Stephen and Zaragoza, Hugo},
  journal={Foundations and Trends in Information Retrieval},
  volume={3},
  number={4},
  pages={333--389},
  year={2009},
  publisher={Now Publishers}
}

@misc{modal2023,
  title={Modal: Serverless cloud computing platform},
  author={{Modal Labs}},
  howpublished={\url{https://modal.com/}},
  year={2023}
}

@misc{sbert_losses,
  title={Loss Functions Documentation},
  author={{Sentence Transformers}},
  howpublished={\url{https://sbert.net/docs/package_reference/sentence_transformer/losses.html}},
  year={2024}
}

@inproceedings{vaswani2017attention,
  title={Attention Is All You Need},
  author={Vaswani, Ashish and Shazeer, Noam and Parmar, Niki and Uszkoreit, Jakob and Jones, Llion and Gomez, Aidan N and Kaiser, {\L}ukasz and Polosukhin, Illia},
  booktitle={Advances in Neural Information Processing Systems},
  volume={30},
  year={2017}
}

@misc{devlin2018bert,
  title={BERT: Pre-training of Deep Bidirectional Transformers for Language Understanding},
  author={Devlin, Jacob and Chang, Ming-Wei and Lee, Kenton and Toutanova, Kristina},
  howpublished={arXiv preprint arXiv:1810.04805},
  year={2018}
}

@inproceedings{bromley1993signature,
  title={Signature Verification Using a Siamese Time Delay Neural Network},
  author={Bromley, Jane and Bentz, James W and Bottou, L{\'e}on and Guyon, Isabelle and LeCun, Yann and Moore, Cliff and S{\"a}ckinger, Eduard and Shah, Roopak},
  booktitle={Int. Conf. Neural Information Processing Systems},
  pages={737--744},
  year={1993}
}

@inproceedings{gao2021simcse,
  title={SimCSE: Simple Contrastive Learning of Sentence Embeddings},
  author={Gao, Tianyu and Yao, Xingcheng and Chen, Danqi},
  booktitle={Proc. 2021 Conf. Empirical Methods in Natural Language Processing (EMNLP)},
  pages={6894--6910},
  year={2021}
}

@inproceedings{loshchilov2017decoupled,
  title={Decoupled Weight Decay Regularization},
  author={Loshchilov, Ilya and Hutter, Frank},
  booktitle={Proc. 7th Int. Conf. Learning Representations (ICLR)},
  year={2019}
}

@inproceedings{schroff2015facenet,
  title={FaceNet: A Unified Embedding for Face Recognition and Clustering},
  author={Schroff, Florian and Kalenichenko, Dmitry and Philbin, James},
  booktitle={Proc. IEEE Conf. Computer Vision and Pattern Recognition (CVPR)},
  pages={815--823},
  year={2015}
}
